@article{boccaletti2006complex,
  title={Complex networks: Structure and dynamics},
  author={Boccaletti, Stefano and Latora, Vito and Moreno, Yamir and Chavez, Martin and Hwang, D-U},
  journal={Physics Reports},
  volume={424},
  number={4-5},
  pages={175--308},
  year={2006},
  publisher={Elsevier}
}

@book{mitchell2009complexity,
  title={Complexity: A guided tour},
  author={Mitchell, Melanie},
  year={2009},
  publisher={Oxford University Press}
}

@article{strogatz2001exploring,
  title={Exploring complex networks},
  author={Strogatz, Steven H},
  journal={Nature},
  volume={410},
  number={6825},
  pages={268--276},
  year={2001},
  publisher={Nature Publishing Group}
}

@article{farmer2009economy,
  title={The economy needs agent-based modelling},
  author={Farmer, J Doyne and Foley, Duncan},
  journal={Nature},
  volume={460},
  number={7256},
  pages={685--686},
  year={2009},
  publisher={Nature Publishing Group}
}

@article{watts1998collective,
  title={Collective dynamics of 'small-world' networks},
  author={Watts, Duncan J and Strogatz, Steven H},
  journal={Nature},
  volume={393},
  number={6684},
  pages={440--442},
  year={1998},
  publisher={Nature Publishing Group}
}

@article{barabasi2009scale,
  title={Scale-free networks: a decade and beyond},
  author={Barab{\'a}si, Albert-L{\'a}szl{\'o}},
  journal={Science},
  volume={325},
  number={5939},
  pages={412--413},
  year={2009},
  publisher={American Association for the Advancement of Science}
}

@article{newman2003structure,
  title={The structure and function of complex networks},
  author={Newman, Mark EJ},
  journal={SIAM Review},
  volume={45},
  number={2},
  pages={167--256},
  year={2003},
  publisher={SIAM}
}

@book{bar2008dynamics,
  title={Dynamics of complex systems},
  author={Bar-Yam, Yaneer},
  year={2008},
  publisher={CRC Press}
}

% New references on simplicial complexes and topological data analysis

@article{battiston2020networks,
  title={Networks beyond pairwise interactions: structure and dynamics},
  author={Battiston, Federico and Cencetti, Giulia and Iacopini, Iacopo and Latora, Vito and Lucas, Maxime and Patania, Alice and Young, Jean-Gabriel and Petri, Giovanni},
  journal={Physics Reports},
  volume={874},
  pages={1--92},
  year={2020},
  publisher={Elsevier}
}

@article{petri2014homological,
  title={Homological scaffolds of brain functional networks},
  author={Petri, Giovanni and Expert, Paul and Turkheimer, Federico and Carhart-Harris, Robin and Nutt, David and Hellyer, Peter J and Vaccarino, Francesco},
  journal={Journal of The Royal Society Interface},
  volume={11},
  number={101},
  pages={20140873},
  year={2014},
  publisher={The Royal Society}
}

@article{edelsbrunner2008persistent,
  title={Persistent homologyâ€”a survey},
  author={Edelsbrunner, Herbert and Harer, John},
  journal={Contemporary mathematics},
  volume={453},
  pages={257--282},
  year={2008},
  publisher={Providence, RI: American Mathematical Society}
}

@article{carlsson2009topology,
  title={Topology and data},
  author={Carlsson, Gunnar},
  journal={Bulletin of the American Mathematical Society},
  volume={46},
  number={2},
  pages={255--308},
  year={2009},
  publisher={American Mathematical Society}
}

@article{gao2016high,
  title={High-order leader-follower consensus of multiagent systems via the Hodge decomposition and the Laplacian},
  author={Gao, Yuan and Luo, Sherry XR and Wang, Tian},
  journal={SIAM Journal on Control and Optimization},
  volume={54},
  number={2},
  pages={936--960},
  year={2016},
  publisher={SIAM}
}

@article{bianconi2021higher,
  title={Higher-order networks: an introduction to simplicial complexes},
  author={Bianconi, Ginestra},
  journal={arXiv preprint arXiv:2101.00863},
  year={2021}
}

@article{benson2016higher,
  title={Higher-order organization of complex networks},
  author={Benson, Austin R and Gleich, David F and Leskovec, Jure},
  journal={Science},
  volume={353},
  number={6295},
  pages={163--166},
  year={2016},
  publisher={American Association for the Advancement of Science}
}

@article{horak2013spectra,
  title={Spectra of combinatorial Laplace operators on simplicial complexes},
  author={Horak, Danijela and Jost, J{\"u}rgen},
  journal={Advances in Mathematics},
  volume={244},
  pages={303--336},
  year={2013},
  publisher={Elsevier}
}

@article{skraba2020topologically,
  title={Topologically based clustering using persistent homology},
  author={Skraba, P and Ozola, B},
  journal={Foundations of Data Science},
  volume={2},
  number={4},
  pages={313--340},
  year={2020}
}

@article{scheffer2009early,
  title={Early-warning signals for critical transitions},
  author={Scheffer, Marten and Bascompte, Jordi and Brock, William A and Brovkin, Victor and Carpenter, Stephen R and Dakos, Vasilis and Held, Hermann and Van Nes, Egbert H and Rietkerk, Max and Sugihara, George},
  journal={Nature},
  volume={461},
  number={7260},
  pages={53--59},
  year={2009},
  publisher={Nature Publishing Group}
}

@article{rodrigues2016kuramoto,
  title={The Kuramoto model in complex networks},
  author={Rodrigues, Francisco A and Peron, Thomas KDM and Ji, Peng and Kurths, J{\"u}rgen},
  journal={Physics Reports},
  volume={610},
  pages={1--98},
  year={2016},
  publisher={Elsevier}
}

@article{giusti2016two,
  title={Two's company, three (or more) is a simplex},
  author={Giusti, Chad and Ghrist, Robert and Bassett, Danielle S},
  journal={Journal of computational neuroscience},
  volume={41},
  pages={1--14},
  year={2016},
  publisher={Springer}
}

@article{sizemore2018importance,
  title={The importance of the whole: topological data analysis for the network neuroscientist},
  author={Sizemore, Ann E and Phillips-Cremins, Jennifer E and Ghrist, Robert and Bassett, Danielle S},
  journal={Network Neuroscience},
  volume={3},
  number={3},
  pages={656--673},
  year={2018},
  publisher={MIT Press}
}

% References on opetopes and higher category theory

@article{cheng2004higher,
  title={A higher-dimensional category theory of species},
  author={Cheng, Eugenia},
  journal={Theory and Applications of Categories},
  volume={13},
  number={1},
  pages={1--26},
  year={2004}
}

@article{kock2010polynomial,
  title={Polynomial functors and opetopes},
  author={Kock, Joachim and Joyal, Andr{\'e} and Batanin, Michael and Mascari, Jean-Fran{\c{c}}ois},
  journal={Advances in Mathematics},
  volume={224},
  number={6},
  pages={2690--2737},
  year={2010},
  publisher={Elsevier}
}

@article{baez2020network,
  title={Network models from Petri nets with catalysts},
  author={Baez, John C and Pollard, Blake S},
  journal={Compositionality},
  volume={2},
  pages={4},
  year={2020}
}

@book{leinster2004higher,
  title={Higher operads, higher categories},
  author={Leinster, Tom},
  volume={298},
  year={2004},
  publisher={Cambridge University Press}
}

@article{spivak2013categorical,
  title={The operad of wiring diagrams: formalizing a graphical language for databases, recursion, and plug-and-play circuits},
  author={Spivak, David I},
  journal={arXiv preprint arXiv:1305.0297},
  year={2013}
}

@article{baas2009higher,
  title={Higher order architecture of collections of objects},
  author={Baas, Nils A},
  journal={Advances in Complex Systems},
  volume={12},
  number={03},
  pages={327--352},
  year={2009},
  publisher={World Scientific}
}

@article{weinstein2023opetopes,
  title={Opetopes for hierarchical reinforcement learning},
  author={Weinstein, Ari and Bolt, Elliot and Herrmann, Sebastian and Kapishnikov, Andrei and Kopp, Michael and Kramar, Miroslav and Littman, Michael L and Ognibene, Dimitri and Ribeiro, Tiago},
  journal={arXiv preprint arXiv:2306.11933},
  year={2023}
}

@article{giovannoni2017dynamic,
  title={Dynamic density functional theory with hydrodynamic interactions and fluctuations},
  author={Giovannoni, Matteo and Klein, Andreas and Kreienkamp, Moritz and Sch{\"u}tz, Gunter M},
  journal={The Journal of chemical physics},
  volume={146},
  number={22},
  pages={224102},
  year={2017},
  publisher={AIP Publishing LLC}
}

@article{linde2021operad,
  title={An operad for brain hierarchy: topological simplification of neural activity via sequence learning},
  author={Linde-Domingo, Javier and Cheng, Eugenia and Kurthen, Inga and Howard, Marc W},
  journal={arXiv preprint arXiv:2110.02673},
  year={2021}
}

@article{tononi2022integrated,
  title={The integrated information theory of consciousness: a comprehensive theoretical framework},
  author={Tononi, Giulio and Boly, Melanie and Gosseries, Olivia and Laureys, Steven},
  journal={Nature Reviews Neuroscience},
  volume={23},
  number={4},
  pages={239--250},
  year={2022},
  publisher={Nature Publishing Group}
}

@article{ehresmann2007memory,
  title={Memory evolutive systems; hierarchy, emergence, cognition},
  author={Ehresmann, Andr{\'e}e C and Vanbremeersch, Jean-Paul},
  journal={Studies in Multidisciplinarity},
  volume={4},
  pages={1--402},
  year={2007},
  publisher={Elsevier}
}

@article{lurie2009higher,
  title={Higher topos theory},
  author={Lurie, Jacob},
  journal={Annals of Mathematics Studies},
  volume={170},
  year={2009},
  publisher={Princeton University Press}
}

@article{kapranov1999operad,
  title={The operad of formal curves and the infinity-operad of algebraic curves},
  author={Kapranov, Mikhail M and Manin, Yuri I},
  journal={Publications-Scuola Normale Superiore},
  pages={235--248},
  year={1999}
}

@article{riehl2019elements,
  title={Elements of $\infty$-category theory},
  author={Riehl, Emily and Verity, Dominic},
  journal={arXiv preprint arXiv:1904.00000},
  year={2019}
}

@article{rosas2018understanding,
  title={Understanding interdependency through complex information sharing},
  author={Rosas, Fernando E and Mediano, Pedro AM and Gastpar, Michael and Jensen, Henrik J},
  journal={Advances in Complex Systems},
  volume={21},
  number={06},
  pages={1850002},
  year={2018},
  publisher={World Scientific}
}

% References on Lean theorem prover and formal verification

@article{moura2015lean,
  title={The {Lean} theorem prover (system description)},
  author={de Moura, Leonardo and Kong, Soonho and Avigad, Jeremy and Van Doorn, Floris and von Raumer, Jakob},
  journal={International Conference on Automated Deduction},
  pages={378--388},
  year={2015},
  publisher={Springer}
}

@article{finster2019type,
  title={Type theory in type theory using quotient inductive types},
  author={Finster, Eric and Mimram, Samuel},
  journal={Proceedings of the ACM on Programming Languages},
  volume={4},
  number={POPL},
  pages={1--29},
  year={2019},
  publisher={ACM}
}

@inproceedings{han2022formalizing,
  title={Formalizing simplicial complexes in {Lean}},
  author={Han, Jesse Michael and Xu, Favonia},
  booktitle={Proceedings of the 11th ACM SIGPLAN International Conference on Certified Programs and Proofs},
  pages={78--92},
  year={2022}
}

@article{scholze2022liquid,
  title={Liquid tensor experiment},
  author={Scholze, Peter},
  journal={Experimental Mathematics},
  pages={1--78},
  year={2022},
  publisher={Taylor \& Francis}
}

@inproceedings{buzzard2020perfectoid,
  title={The {Lean} mathematical library},
  author={Buzzard, Kevin and Commelin, Johan and Massot, Patrick},
  booktitle={Proceedings of the 9th ACM SIGPLAN International Conference on Certified Programs and Proofs},
  pages={367--381},
  year={2020}
}

@article{hales2017formal,
  title={A formal proof of the {Kepler} conjecture},
  author={Hales, Thomas and Adams, Mark and Bauer, Gertrud and Dang, Tat Dat and Harrison, John and Hoang, Le Truong and Kaliszyk, Cezary and Magron, Victor and McLaughlin, Sean and Nguyen, Tat Thang and others},
  journal={Forum of Mathematics, Pi},
  volume={5},
  year={2017},
  publisher={Cambridge University Press}
}

@article{gonthier2013machine,
  title={A machine-checked proof of the odd order theorem},
  author={Gonthier, Georges and Asperti, Andrea and Avigad, Jeremy and Bertot, Yves and Cohen, Cyril and Garillot, Fran{\c{c}}ois and Le Roux, St{\'e}phane and Mahboubi, Assia and O'Connor, Russell and Ould Biha, Sidi and others},
  journal={Interactive Theorem Proving: 4th International Conference},
  pages={163--179},
  year={2013},
  publisher={Springer}
}